<collection xmlns="http://www.loc.gov/MARC21/slim">
<record>
  <leader>00408na 0a22001091i 450 </leader>
  <controlfield tag="001">IT\ICCU\CNCE\071793</controlfield>
  <controlfield tag="005">20071212000000.0</controlfield>
  <datafield tag="100" ind1=" " ind2=" ">
    <subfield code="a">20070918             0itac0103    ba</subfield>
  </datafield>
  <datafield tag="101" ind1=" " ind2=" ">
    <subfield code="a">ITA</subfield>
  </datafield>
  <datafield tag="200" ind1="1" ind2=" ">
    <subfield code="a">Breve discorso intorno alla natura del popone, &amp; sopra il cattiuo uso del ber fresco con la neue, di m. Pietro Nati da Bibbiena medico &amp; filosofo</subfield>
  </datafield>
  <datafield tag="700" ind1=" " ind2="1">
    <subfield code="a">Nati,</subfield>
    <subfield code="b">Pietro</subfield>
    <subfield code="3">IT\ICCU\CNCA\008718</subfield>
  </datafield>
  <datafield tag="801" ind1=" " ind2="3">
    <subfield code="a">IT</subfield>
    <subfield code="b">ICCU</subfield>
    <subfield code="c">20201115</subfield>
  </datafield>
</record>
</collection>
